@Book{xie2015,
  title = {Dynamic Documents with {R} and knitr},
  author = {Yihui Xie},
  publisher = {Chapman and Hall/CRC},
  address = {Boca Raton, Florida},
  year = {2015},
  edition = {2nd},
  note = {ISBN 978-1498716963},
  url = {http://yihui.name/knitr/},
}
@book{brownlee2011clever,
  title={Clever algorithms: nature-inspired programming recipes},
  author={Brownlee, Jason},
  year={2011},
  publisher={Jason Brownlee}
}
@ONLINE {somFundamentals,
    author = "John A. Bullinaria",
    title  = "Self Organizing Maps: Fundamentals",
    year   = "2015",
    url    = "http://www.cs.bham.ac.uk/~jxb/INC/l16.pdf"
}
@ONLINE {somAlgorithms,
    author = "John A. Bullinaria",
    title  = "Self Organizing Maps: Properties and Applications",
    year   = "2015",
    url    = "http://www.cs.bham.ac.uk/~jxb/INC/l17.pdf"
}
@misc{kohonen1995self,
  title={Self-organizing maps, volume 30 of Springer Series in Information Sciences},
  author={Kohonen, Teuvo},
  year={1995},
  publisher={Springer, Berlin, Heidelberg}
}
